<record><leader>00000cas a22000007a 4500</leader><controlfield tag="001">57588477</controlfield><controlfield tag="008">050208c20049999causr ne      0   a0eng  </controlfield><datafield ind1=" " ind2=" " tag="010"><subfield code="a">  2005213544</subfield></datafield><datafield ind1=" " ind2=" " tag="040"><subfield code="a">NSD</subfield><subfield code="b">eng</subfield><subfield code="c">NSD</subfield><subfield code="d">OCLCQ</subfield></datafield><datafield ind1=" " ind2=" " tag="012"><subfield code="l">1</subfield></datafield><datafield ind1="0" ind2=" " tag="022"><subfield code="a">1554-5628</subfield><subfield code="l">1554-5628</subfield><subfield code="2">1</subfield></datafield><datafield ind1=" " ind2=" " tag="037"><subfield code="b">Trinity Tribune, POB 43, Junction City, CA 96048-0043</subfield></datafield><datafield ind1=" " ind2=" " tag="042"><subfield code="a">nsdp</subfield><subfield code="a">pcc</subfield></datafield><datafield ind1=" " ind2=" " tag="043"><subfield code="a">n-us-ca</subfield></datafield><datafield ind1="1" ind2="0" tag="050"><subfield code="a">ISSN RECORD</subfield></datafield><datafield ind1="0" ind2=" " tag="130"><subfield code="a">Trinity tribune (Junction City, Calif.)</subfield></datafield><datafield ind1=" " ind2="0" tag="222"><subfield code="a">Trinity tribune</subfield><subfield code="b">(Junction City, Calif.)</subfield></datafield><datafield ind1="1" ind2="0" tag="245"><subfield code="a">Trinity tribune.</subfield></datafield><datafield ind1=" " ind2=" " tag="260"><subfield code="a">Junction City, CA :</subfield><subfield code="b">Trinity Tribune</subfield></datafield><datafield ind1=" " ind2=" " tag="300"><subfield code="a">v.</subfield></datafield><datafield ind1=" " ind2=" " tag="310"><subfield code="a">Semiannual</subfield></datafield><datafield ind1="1" ind2=" " tag="362"><subfield code="a">Began in 2004.</subfield></datafield><datafield ind1=" " ind2=" " tag="588"><subfield code="a">Description based on surrogate of: Sept. 7, 04; title from caption.</subfield></datafield><datafield ind1=" " ind2=" " tag="588"><subfield code="a">Latest issue consulted: Vol. 1, no. 4 (Nov. 5, 2004).</subfield></datafield><datafield ind1=" " ind2=" " tag="752"><subfield code="a">United States</subfield><subfield code="b">California</subfield><subfield code="d">Junction City.</subfield></datafield><datafield ind1="1" ind2=" " tag="029"><subfield code="a">AU@</subfield><subfield code="b">000026710303</subfield></datafield></record>